@inproceedings{resnet,
  title={Deep residual learning for image recognition},
  author={He, Kaiming and Zhang, Xiangyu and Ren, Shaoqing and Sun, Jian},
  booktitle={Proceedings of the IEEE conference on computer vision and pattern recognition},
  year={2016}
}

@inproceedings{efficientnet,
  title={Efficientnetv2: Smaller models and faster training},
  author={Tan, Mingxing and Le, Quoc},
  booktitle={International conference on machine learning},
  year={2021},
}

@article{li2018hyperband,
  title={Hyperband: A novel bandit-based approach to hyperparameter optimization},
  author={Li, Lisha and Jamieson, Kevin and DeSalvo, Giulia and Rostamizadeh, Afshin and Talwalkar, Ameet},
  journal={Journal of Machine Learning Research},
  year={2018}
}

@article{kummerle2009ATE,
  title={On measuring the accuracy of SLAM algorithms},
  author={K{\"u}mmerle, Rainer and Steder, Bastian and Dornhege, Christian and Ruhnke, Michael and Grisetti, Giorgio and Stachniss, Cyrill and Kleiner, Alexander},
  journal={Autonomous Robots},
  year={2009},
}

@inproceedings{luperto2021predicting,
  title={Predicting Performance of SLAM Algorithms},
  author={Luperto, Matteo and Castelli, Valerio and Bonsignorio, Fabio and Amigoni, Francesco and others},
  booktitle={Artificial Intelligence and Robotics workshop at AI* IA (Italian Association for Artificial Intelligence)},
  year={2021}
}

@article{ali2023prediction,
  title={Prediction of SLAM ATE using an ensemble learning regression model and 1-D global pooling of data characterization},
  author={Ali, Islam and Zhang, Hong},
  journal={arXiv preprint arXiv:2303.00616},
  year={2023}
}


@inproceedings{balaguer2007visualEval,
  title={Towards quantitative comparisons of robot algorithms: Experiences with SLAM in simulation and real world systems},
  author={Balaguer, Benjamin and Carpin, Stefano and Balakirsky, Stephen},
  booktitle={IROS 2007 workshop},
  year={2007}
}

@inproceedings{luperto2019extracting,
  title={Extracting structure of buildings using layout reconstruction},
  author={Luperto, Matteo and Amigoni, Francesco},
  booktitle={Intelligent Autonomous Systems 15: Proceedings of the 15th International Conference IAS-15},
  year={2019},
}

@phdthesis{whiting2006geometric,
  title={Geometric, topological \& semantic analysis of multi-building floor plan data},
  author={Whiting, Emily J},
  year={2006},
  school={Massachusetts Institute of Technology}
}

@inproceedings{aydemir2012KTH,
    title = {What can we learn from 38,000 rooms? Reasoning about unexplored space in indoor environments},
    author = {Alper Aydemir, Patric Jensfelt and John Folkesson},
    booktitle = {2012 IEEE/RSJ International Conference on Intelligent Robots and Systems (IROS)},
    year = {2012},
}

@article{li2019houseexpo,
  title={HouseExpo: A Large-scale 2D Indoor Layout Dataset for Learning-based Algorithms on Mobile Robots},
  author={Tingguang, Li and Danny, Ho and Chenming, Li and Delong, Zhu and Chaoqun, Wang and Max Q.-H. Meng},
  journal={arXiv preprint arXiv:1903.09845},
  year={2019}
}

@inproceedings{dropoutVsBN,
  title={Understanding the disharmony between dropout and batch normalization by variance shift},
  author={Li, Xiang and Chen, Shuo and Hu, Xiaolin and Yang, Jian},
  booktitle={Proceedings of the IEEE/CVF conference on computer vision and pattern recognition},
  year={2019}
}

@inproceedings{dropoutUsage,
  title={How to use dropout correctly on residual networks with batch normalization},
  author={Kim, Bum Jun and Choi, Hyeyeon and Jang, Hyeonah and Lee, Donggeon and Kim, Sang Woo},
  booktitle={Uncertainty in Artificial Intelligence},
  year={2023},
}

@inproceedings{mobileNetV3_2019,
  title={Searching for mobilenetv3},
  author={Howard, Andrew and Sandler, Mark and Chu, Grace and Chen, Liang-Chieh and Chen, Bo and Tan, Mingxing and Wang, Weijun and Zhu, Yukun and Pang, Ruoming and Vasudevan, Vijay and others},
  booktitle={Proceedings of the IEEE/CVF international conference on computer vision},
  year={2019}
}

 @inproceedings{deng2009imagenet,
  title={Imagenet: A large-scale hierarchical image database},
  author={Deng, Jia and Dong, Wei and Socher, Richard and Li, Li-Jia and Li, Kai and Fei-Fei, Li},
  booktitle={2009 IEEE conference on computer vision and pattern recognition},
  year={2009},
} 

@inproceedings{akiba2019optuna,
  title={Optuna: A next-generation hyperparameter optimization framework},
  author={Akiba, Takuya and Sano, Shotaro and Yanase, Toshihiko and Ohta, Takeru and Koyama, Masanori},
  booktitle={Proceedings of the 25th ACM SIGKDD international conference on knowledge discovery \& data mining},
  year={2019}
}

@article{bergstra2011algorithms,
  title={Algorithms for hyper-parameter optimization},
  author={Bergstra, James and Bardenet, R{\'e}mi and Bengio, Yoshua and K{\'e}gl, Bal{\'a}zs},
  journal={Advances in neural information processing systems},
  year={2011}
}

@article{kingma2014adam,
  title={Adam: A method for stochastic optimization},
  author={Kingma, Diederik P},
  journal={arXiv preprint arXiv:1412.6980},
  year={2014}
}

@inproceedings{resnet2016,
  title={Deep residual learning for image recognition},
  author={He, Kaiming and Zhang, Xiangyu and Ren, Shaoqing and Sun, Jian},
  booktitle={Proceedings of the IEEE conference on computer vision and pattern recognition},
  year={2016}
}
@article{ioffe2015batch,
  title={Batch normalization: Accelerating deep network training by reducing internal covariate shift},
  author={Ioffe, Sergey},
  journal={arXiv preprint arXiv:1502.03167},
  year={2015}
}


